@techreport{hildenbrandt2017kevm,
  title={{KEVM}: A Complete Semantics of the {Ethereum} Virtual Machine},
  author={Hildenbrandt, Everett and Saxena, Manasvi and Zhu, Xiaoran and Rodrigues, Nishant and Daian, Philip and Guth, Dwight and Rosu, Grigore},
  year={2017}
}

@misc{wood2014ethereum,
  title={Ethereum yellow paper},
  author={Wood, Gavin},
  year={2014 (Accessed in 2018)},
  publisher={Ethereum},
  howpublished={\url{http://yellowpaper.io}}
}

@misc{remix,
	title = {Remix, {Ethereum} {IDE} and tools for the web},
	howpublished = {\url{https://remix.ethereum.org}}
}

@inproceedings{CGG08FMICS,
  author    = {Christian Colombo and
               Gordon J. Pace and
               Gerardo Schneider},
  title     = {Dynamic Event-Based Runtime Monitoring of Real-Time and
               Contextual Properties},
  booktitle = {Formal Methods for Industrial Critical Systems (FMICS)},
  year      = {2008},
  pages     = {135-149},
  series    = {Lecture Notes in Computer Science},
  address   = {L'Aquila, Italy},
  volume    = {5596}
}

@article{breidenbachenter,
  title={Enter the Hydra: Towards Principled Bug Bounties and Exploit-Resistant Smart Contracts},
  author={Breidenbach, Lorenz and Daian, Phil and Tramer, Florian and Juels, Ari}
}


//Found exploits
@misc{hkg,
	title = { Ether.camps hkg token has a bug and needs to be reissued},
	howpublished = {\url{ https://www.ethnews.com/ethercamps-hkg-token-has-a-bug-and-needs-to-be-reissued.}}
}

@misc{dao,
	title = {Analysis of the {DAO} exploit},
	author={Daian, Phil},
	howpublished = {\url{ http://hackingdistributed.com/2016/06/18/analysis-of-the-dao-exploit/}}
}

@misc{parity1,
	title = {The {Parity} Wallet Hack Explained},
	author={Palladino, Santiago},
	howpublished = {\url{ https://blog.zeppelin.solutions/on-the-parity-wallet-multisig-hack-405a8c12e8f7}}
}
@misc{parity2,
	title = {Ethereum client bug freezes user funds as fallout remains uncertain},
	author={Hertig, Alyssa},
	howpublished = {\url{ https://www.coindesk.com/ethereum-client-bug-freezes-user-funds-fallout-remains-uncertain/}}
}


